
@Book{MuellerWichards1999,
author = {Dieter Müller-Wichards},
title = {Transformationen und Signale},
publisher = {B.G.Teubner},
year = {1999},
}

@Book{Achilles1978,
author = {Dietmar Achilles},
title = {Die Fourier-Transformation in der Signalverarbeitung},
publisher = {Springer-Verlag},
year = {1978},
OPTkey = {key},
}

@Book{Schroeder1978,
author = {Heinrich Schröder},
title = {Elektrische Nachrichtentechnik},
publisher = {Hüthig und Pflaum Verlag GmbH \& Co.KG},
year = {1978},
}


